@article{hfr2lfr2015,
    title={Conversion d’une vidéo à fréquence d’images élevée (High Frame Rate) vers une fréquence d’images inférieure (Low Frame Rate)},
    author={Arch, Anthony and Dauvergne, Pierre-Henri and Vigour, Jérémy},
    year={2015}
}

@incollection{farneback2003,
  title={Two-frame motion estimation based on polynomial expansion},
  author={Farneb{\"a}ck, Gunnar},
  booktitle={Image analysis},
  pages={363--370},
  year={2003},
  publisher={Springer}
}

@inproceedings{lucas1981,
  title={An iterative image registration technique with an application to stereo vision.},
  author={Lucas, Bruce D and Kanade, Takeo and others},
  booktitle={IJCAI},
  volume={81},
  pages={674--679},
  year={1981}
}

@inproceedings{farneback2001,
  title={Very high accuracy velocity estimation using orientation tensors, parametric motion, and simultaneous segmentation of the motion field},
  author={Farneb{\"a}ck, Gunnar},
  booktitle={Computer Vision, 2001. ICCV 2001. Proceedings. Eighth IEEE International Conference on},
  volume={1},
  pages={171--177},
  year={2001},
  organization={IEEE}
}

